%\addcontentsline{toc}{chapter}{ sample citations}
 %\bibitem{abraham-marsden}Abraham R., Marsden J. E.: {\em Foundations of Mechanics}, Addison-Wesley, Reading, 1985.
 %\bibitem{derbes}Derbes D.: {\em Reinventing the wheel: Hodographic solutions to the Kepler problems}, Am. J. Phys. {\bf 69} (2001) 481--489.
% %\bibitem{kvasnica}Kvasnica J.: {\em Teorie elektromagnetického pole}, Academia, Praha, 1985.
%%
@misc{ worldrob,
	author="IFR",
	title={
	{{\em WORLD ROBOTICS 2009},EXECUTIVE SUMMARY of 1. World Robotics 2009 Industrial Robots 2. World Robotics 2009 Service Robots.em SOUND SENSORS }},
	howpublished="\url{http://www.worldrobotics.org/downloads/2009_executive_summary.pdf}",
	year= {2009},
	note ="[Online; accessed 3.8.2010]"
	}
@misc{msrs,
	author={2010 Microsoft Corporation},
	title={{\em The Microsoft® Robotics Developer Studio 2008  }},
	howpublished="\url{http://www.microsoft.com/robotics/}",
	year= {2010},
	note ="[Online; accessed 3.8.2010]"
	}
@misc{msvs,
	author="2010 Microsoft Corporation",
	title="{\em Visual Studio Professional 2008}",
	howpublished="\url{http://msdn.microsoft.com/en-us/vstudio/aa700830.aspx}",
	year= {2010},
	note ="[Online; accessed 3.8.2010]"
	}
@misc{ player,
	author={The Player Project},
	title={{\em The Player Project }},
	howpublished="\url{http://playerstage.sourceforge.net/}",
	year= {2010},
	note ="[Online; accessed 3.8.2010]"
	}
@misc{ pyro,
	author={http://pyrorobotics.org},
	title={{\em Welcome to Pyro! }},
	howpublished="\url{http://pyrorobotics.org/}",
	year= {2010},
	note ="[Online; accessed 3.8.2010]"
	}
@misc{ enki,
	author={Stephane Magnenat},
	title={{\em Enki} The fast 2D robot simulator},
	howpublished="\url{http://home.gna.org/enki/}",
	year= {2007},
	note ="[Online; accessed 3.8.2010]"
	}
@misc{webots,
	author={2008 Cyberbotics},
	title={{\em Webots 6}},
	howpublished="\url{http://www.cyberbotics.com/products/webots/index.html}",
	year= {2008},
	note ="[Online; accessed 3.8.2010]"
	}
@misc{robotica2009,
	author={{Francesco Mondada, Michael Bonani, Xavier Raemy, James Pugh, Christopher Cianci, Adam Klaptocz, St´ephane Magnenat, Jean-Christophe Zufferey, Dario Floreano, Alcherio Martinoli}},
	title={{\em The e-puck, a Robot Designed for Education in Engineering}},
	howpublished = "\url{http://infoscience.epfl.ch/record/135236}",
	year= {2009},
	note ="[Online; accessed 3.8.2010]"
	}
@misc{sound,
	author={Francesco Mondada},
	title={{\em SOUND SENSORS }},
	howpublished="\url{http://www.e-puck.org/index.php?option=com_content&task=view&id=34&Itemid=56}",
	year= {2006},
	note ="[Online; accessed 3.8.2010]"
}
@misc{delegate,
	author = {Michal Czardybon},
	title = {{Delegates ($C\#$ Programming Guide)}},
	howpublished = "\url{http://msdn.microsoft.com/en-us/library/ms173171(VS.80).aspx}",
	year = {2009}, 
	note ="[Online; accessed 3.8.2010]"
}
@misc{IAsync,
	author={Microsoft},
	howpublished = "\url{http://msdn.microsoft.com/en-us/magazine/cc163467.aspx}",
	year = {2007}, 
	note ="[Online; accessed 3.8.2010]"
}
@misc{monodev,
	author = {MonoDevelop team},
	title = {{Monodevelop}},
	howpublished = "\url{http://monodevelop.com/}",
	year = {2010}, 
	note ="[Online; accessed 3.8.2010]"
}
@misc{lambda,
	author = {2010 Microsoft Corporation.},
	title = {{Lambda Expressions ($C\#$ Programming Guide)}},
	howpublished = "\url{http://msdn.microsoft.com/en-us/library/bb397687.aspx}",
	year = {2010}, 
	note ="[Online; accessed 3.8.2010]"
}
@misc{mono,
	author = {Wikipedia},
	title = {{Mono (software)}},
	howpublished = "\url{hhttp://en.wikipedia.org/wiki/Mono_(software)}",
	year = {2010}, 
	note ="[Online; accessed 3.8.2010]"
}
@misc{net,
	author = {Wikipedia},
	title = {{.NET Framework}},
	howpublished = "\url{http://en.wikipedia.org/wiki/.NET_Framework}",
	year = {2010}, 
	note ="[Online; accessed 3.8.2010]"
}
@misc{tiny,
	author = {Claudiu Chiculita},
	title = {{Tiny Bootloader}},
	howpublished = "url{http://www.etc.ugal.ro/cchiculita/software/picbootloader.htm}",
	year = {2010}, 
	note ="[Online; accessed 3.8.2010]"
}
\end{thebibliography}
